@article{forbes:hk,
  author        = "John Koetsier",
  title         = "{Hong Kong} Protestors Using Mesh Messaging App {China} Can't Block: Usage Up 3685\%",
  url           = "https://www.forbes.com/sites/johnkoetsier/2019/09/02/hong-kong-protestors-using-mesh-messaging-app-china-cant-block-usage-up-3685/",  
  journal       = "Forbes",
  month         = sep,
  year          = "2019"
}

@electronic{android:wifip2p,
  title = "{Wi-Fi Direct} (peer-to-peer or P2P) overview",
  url = "https://developer.android.com/guide/topics/connectivity/wifip2p",
  month = sep,
  year = "2019"
}  

@electronic{android:wifiaware,
  title = "{Wi-Fi Aware} overview",
  url = "https://developer.android.com/guide/topics/connectivity/wifi-aware",
  month = sep,
  year = "2019"
}

@electronic{android:ble,
  title = "Bluetooth low energy overview",
  url = "https://developer.android.com/guide/topics/connectivity/bluetooth-le",
  month = sep,
  year = "2019"
}

@electronic{ble:privacy,
  title = "Bluetooth Technology Protecting Your Privacy",
  url = "https://www.bluetooth.com/blog/bluetooth-technology-protecting-your-privacy/",
  author = "Martin Woolley",
  month = apr,
  year = "2015"
}

@electronic{bluetooth51spec,
  title = "BLUETOOTH CORE SPECIFICATION Version 5.1",
  url = "https://www.bluetooth.com/specifications/bluetooth-core-specification/",
  author = "Bluetooth SIG",
  month = jan,
  year = "2019"
}
